<record><leader>00000cas a22000007a 4500</leader><controlfield tag="001">48181089</controlfield><controlfield tag="008">011019d19881988azuwr ne      0   a0eng d</controlfield><datafield ind1=" " ind2=" " tag="010"><subfield code="a">sn2001060121</subfield></datafield><datafield ind1=" " ind2=" " tag="040"><subfield code="a">ANN</subfield><subfield code="b">eng</subfield><subfield code="c">ANN</subfield><subfield code="d">OCLCQ</subfield><subfield code="d">OCLCF</subfield><subfield code="d">OCLCO</subfield></datafield><datafield ind1="1" ind2=" " tag="029"><subfield code="a">AU@</subfield><subfield code="b">000023147130</subfield></datafield><datafield ind1=" " ind2=" " tag="042"><subfield code="a">msc</subfield></datafield><datafield ind1=" " ind2=" " tag="043"><subfield code="a">n-us-az</subfield></datafield><datafield ind1="0" ind2="0" tag="245"><subfield code="a">Central Mesa independent.</subfield></datafield><datafield ind1=" " ind2=" " tag="260"><subfield code="a">Mesa, Ariz. :</subfield><subfield code="b">Independent Newspapers, Inc.</subfield></datafield><datafield ind1=" " ind2=" " tag="300"><subfield code="a">v. :</subfield><subfield code="b">ill.</subfield></datafield><datafield ind1=" " ind2=" " tag="310"><subfield code="a">Weekly</subfield></datafield><datafield ind1="0" ind2=" " tag="362"><subfield code="a">Vol. 24, no. 29 (July 20-26, 1988)-v.24, no. 48 (Nov. 30-Dec. 6, 1988).</subfield></datafield><datafield ind1=" " ind2="0" tag="651"><subfield code="a">Mesa (Ariz.)</subfield><subfield code="v">Newspapers.</subfield></datafield><datafield ind1=" " ind2="0" tag="651"><subfield code="a">Maricopa County (Ariz.)</subfield><subfield code="v">Newspapers.</subfield></datafield><datafield ind1=" " ind2="7" tag="655"><subfield code="a">Newspapers.</subfield><subfield code="2">fast</subfield><subfield code="0">(OCoLC)fst01423814</subfield></datafield><datafield ind1=" " ind2="7" tag="651"><subfield code="a">Arizona</subfield><subfield code="z">Maricopa County.</subfield><subfield code="2">fast</subfield><subfield code="0">(OCoLC)fst01217111</subfield></datafield><datafield ind1=" " ind2="7" tag="651"><subfield code="a">Arizona</subfield><subfield code="z">Mesa.</subfield><subfield code="2">fast</subfield><subfield code="0">(OCoLC)fst01216951</subfield></datafield><datafield ind1=" " ind2=" " tag="752"><subfield code="a">United States</subfield><subfield code="b">Arizona</subfield><subfield code="c">Maricopa</subfield><subfield code="d">Mesa.</subfield></datafield><datafield ind1="0" ind2="1" tag="780"><subfield code="t">Mesa independent</subfield><subfield code="w">(DLC)sn 95060646</subfield></datafield><datafield ind1="0" ind2="1" tag="785"><subfield code="t">East Mesa independent</subfield><subfield code="w">(DLC)sn 96060558</subfield></datafield></record>